<mx:record xmlns="http://www.w3.org/TR/xhtml1/strict" xmlns:mx="http://www.loc.gov/MARC21/slim" xmlns:xsi="http://www.w3.org/2001/XMLSchema-instance"><mx:leader>00000cz   2200000n  4500</mx:leader><mx:controlfield tag="001">oca03855837 </mx:controlfield><mx:controlfield tag="005">20001103070250.0</mx:controlfield><mx:controlfield tag="008">950609n| acannaabn          |a aaa     c</mx:controlfield><mx:datafield ind1=" " ind2=" " tag="010"><mx:subfield code="a">nr 95021495</mx:subfield></mx:datafield><mx:datafield ind1=" " ind2=" " tag="040"><mx:subfield code="a">NNC</mx:subfield><mx:subfield code="b">eng</mx:subfield><mx:subfield code="c">NNC</mx:subfield><mx:subfield code="d">OCoLC</mx:subfield></mx:datafield><mx:datafield ind1="1" ind2=" " tag="100"><mx:subfield code="a">Furius Antias, A.</mx:subfield><mx:subfield code="q">(Aulus),</mx:subfield><mx:subfield code="d">fl. 100 B.C.</mx:subfield></mx:datafield><mx:datafield ind1="1" ind2=" " tag="400"><mx:subfield code="a">Antias, A. Furius</mx:subfield><mx:subfield code="q">(Aulus Furius),</mx:subfield><mx:subfield code="d">fl. 100 B.C.</mx:subfield></mx:datafield><mx:datafield ind1="1" ind2=" " tag="400"><mx:subfield code="a">Antias, Aulus Furius,</mx:subfield><mx:subfield code="d">fl. 100 B.C.</mx:subfield></mx:datafield><mx:datafield ind1="1" ind2=" " tag="400"><mx:subfield code="a">Furius Antias, Aulus,</mx:subfield><mx:subfield code="d">fl. 100 B.C.</mx:subfield></mx:datafield><mx:datafield ind1="0" ind2=" " tag="400"><mx:subfield code="a">A. Furius Antias</mx:subfield><mx:subfield code="q">(Aulus Furius Antias),</mx:subfield><mx:subfield code="d">fl. 100 B.C.</mx:subfield></mx:datafield><mx:datafield ind1="0" ind2=" " tag="400"><mx:subfield code="a">Furius Antias,</mx:subfield><mx:subfield code="d">fl. 100 B.C.</mx:subfield></mx:datafield><mx:datafield ind1=" " ind2=" " tag="670"><mx:subfield code="a">His Carmina [CF] 1991:</mx:subfield><mx:subfield code="b">PHI CD ROM #5.3, Latin Canon, bibliographic screen (A. Furius Antias)</mx:subfield></mx:datafield><mx:datafield ind1=" " ind2=" " tag="670"><mx:subfield code="a">Pauly-Wissowa:</mx:subfield><mx:subfield code="b">13. Halbbd., col. 320; &amp;#034;Furius&amp;#034;, #34 (Furius Antias)</mx:subfield></mx:datafield><mx:datafield ind1=" " ind2=" " tag="670"><mx:subfield code="a">NUC pre-56:</mx:subfield><mx:subfield code="b">v. 188, p. 124 (Furius Antias, Aulus)</mx:subfield></mx:datafield><mx:datafield ind1=" " ind2=" " tag="670"><mx:subfield code="a">Oxford class. dict., 1st ed.:</mx:subfield><mx:subfield code="b">p. 373 (Furius Antias (i.e., of Antium), Aulus (fl. 100 B.C.); friend of Lutatius Catulus; epic poet)</mx:subfield></mx:datafield></mx:record>